<?xml version="1.0" encoding="UTF-8"?>
<OAI-PMH xmlns="http://www.openarchives.org/OAI/2.0/" xmlns:xsi="http://www.w3.org/2001/XMLSchema-instance" xsi:schemaLocation="http://www.openarchives.org/OAI/2.0/ http://www.openarchives.org/OAI/2.0/OAI-PMH.xsd">
<ListRecords>
<record>
<header status="updated">
<identifier>urm_publish:71286587250002121</identifier>
</header>
<metadata>
<record xmlns="http://www.loc.gov/MARC21/slim" xmlns:xsi="http://www.w3.org/2001/XMLSchema-instance" xsi:schemaLocation="http://www.loc.gov/MARC21/slim http://www.loc.gov/standards/marcxml/schema/MARC21slim.xsd" ><leader>01107cas a2200361 a 4500</leader><controlfield tag="005">20140425105101.0</controlfield><controlfield tag="008">841022c18949999wiuwr1ne      0uuua0eng d</controlfield><controlfield tag="001">999578962502121</controlfield><datafield tag="010" ind1=" " ind2=" "><subfield code="a">sn 84002399 </subfield></datafield><datafield tag="022" ind1="1" ind2=" "><subfield code="a">8755-3961</subfield></datafield><datafield tag="032" ind1=" " ind2=" "><subfield code="a">408400</subfield><subfield code="b">USPS</subfield></datafield><datafield tag="035" ind1=" " ind2=" "><subfield code="a">(OCoLC)11292025</subfield></datafield><datafield tag="035" ind1=" " ind2=" "><subfield code="9">AGN5002UW</subfield></datafield><datafield tag="035" ind1=" " ind2=" "><subfield code="a">(WU)1140990-uwmadisondb</subfield></datafield><datafield tag="040" ind1=" " ind2=" "><subfield code="a">NSD</subfield><subfield code="b">eng</subfield><subfield code="c">NSD</subfield><subfield code="d">NPV</subfield></datafield><datafield tag="042" ind1=" " ind2=" "><subfield code="a">nsdp</subfield></datafield><datafield tag="222" ind1=" " ind2="0"><subfield code="a">Omro herald</subfield></datafield><datafield tag="245" ind1="0" ind2="4"><subfield code="a">The Omro herald.</subfield></datafield><datafield tag="260" ind1=" " ind2=" "><subfield code="a">Omro, Winnebago Co., Wis. :</subfield><subfield code="b">Slocum &amp; Hand,</subfield><subfield code="c">1894-</subfield></datafield><datafield tag="260" ind1=" " ind2=" "><subfield code="b">Omro Herald, P.O. Box 10, Berlin, WI 54923</subfield></datafield><datafield tag="300" ind1=" " ind2=" "><subfield code="a">volume</subfield></datafield><datafield tag="310" ind1=" " ind2=" "><subfield code="a">Weekly</subfield></datafield><datafield tag="336" ind1=" " ind2=" "><subfield code="a">text</subfield><subfield code="b">txt</subfield><subfield code="2">rdacontent</subfield></datafield><datafield tag="337" ind1=" " ind2=" "><subfield code="a">unmediated</subfield><subfield code="b">n</subfield><subfield code="2">rdamedia</subfield></datafield><datafield tag="338" ind1=" " ind2=" "><subfield code="a">volume</subfield><subfield code="b">nc</subfield><subfield code="2">rdacarrier</subfield></datafield><datafield tag="362" ind1="0" ind2=" "><subfield code="a">Vol. 1, no. 1 (May 11, 1894)-</subfield></datafield><datafield tag="500" ind1=" " ind2=" "><subfield code="a">Publisher varies.</subfield></datafield><datafield tag="651" ind1=" " ind2="0"><subfield code="a">Omro (Wis.)</subfield><subfield code="v">Newspapers.</subfield><subfield code="2">LCSH</subfield></datafield><datafield tag="700" ind1="1" ind2=" "><subfield code="a">Slocum, C. H.</subfield><subfield code="2">LCNAMES</subfield></datafield><datafield tag="700" ind1="1" ind2=" "><subfield code="a">Hand, F. B.</subfield><subfield code="2">LCNAMES</subfield></datafield><datafield tag="752" ind1=" " ind2=" "><subfield code="a">United States</subfield><subfield code="b">Wisconsin</subfield><subfield code="c">Winnebago</subfield><subfield code="d">Omro.</subfield><subfield code="2">NULL</subfield></datafield><datafield tag="856" ind1="4" ind2=" "><subfield code="3">March  2005-</subfield><subfield code="u">http://www.badgerlink.net/newspapers</subfield><subfield code="z">Click on Wisconsin Newspapers Digital Research Site.</subfield></datafield><datafield tag="997" ind1=" " ind2=" "><subfield code="a">MARCIVE</subfield></datafield><datafield tag="INST" ind1=" " ind2=" "><subfield code="a">01UWI_NETWORK</subfield><subfield code="b">P</subfield><subfield code="c">71286587250002121</subfield></datafield><datafield tag="INST" ind1=" " ind2=" "><subfield code="a">01UWI_MAD</subfield><subfield code="b">P</subfield><subfield code="c">21517607730002122</subfield></datafield><datafield tag="AVA" ind1=" " ind2=" "><subfield code="0">9911409903602122</subfield><subfield code="8">22517607720002122</subfield><subfield code="a">01UWI_MAD</subfield><subfield code="b">WHSLIBRARY</subfield><subfield code="c">Microforms</subfield><subfield code="d">Micro film P28547 101n</subfield><subfield code="e">check_holdings</subfield><subfield code="j">mic</subfield><subfield code="k">8</subfield><subfield code="p">1</subfield><subfield code="q">Wisconsin Historical Society Library</subfield><subfield code="t">1894:May 11-1895:Nov 29</subfield><subfield code="t">1895:Dec 6-1897:July 10</subfield><subfield code="t">1897:July 17-1899:Jan 14</subfield><subfield code="t">1899:Jan 21-1900:July 14</subfield><subfield code="t">1900:July 21-1902:Feb 14</subfield><subfield code="t">1902:Feb 21-1903:Aug 28</subfield><subfield code="t">1903:Sept 4-1905:Mar 25</subfield><subfield code="t">1905:Apr 1-1906:Sept 29</subfield><subfield code="t">1906:Oct 6-1908:June 27</subfield><subfield code="t">1908:July 4-1910:Mar 26</subfield><subfield code="t">1910:Apr 2-1911:Nov 25</subfield><subfield code="t">1911:Dec 2-1913:May 31</subfield><subfield code="t">1913:July 7-1914:Dec 31</subfield><subfield code="t">1915:Jan 7-1916:July 13</subfield><subfield code="t">1916:July 20-1917:Dec 27</subfield><subfield code="t">1918:Jan 3-1919:June 19</subfield><subfield code="t">1919:June 26-1920:Dec 9</subfield><subfield code="t">1920:Dec 16-1922:Nov 2</subfield><subfield code="t">1922:Nov 9-1924:Jan 31</subfield><subfield code="t">1924:Feb 4-1925:June 25</subfield><subfield code="t">1925:July 2-1926:Dec 16</subfield><subfield code="t">1926:Dec 23-1928:Mar 29</subfield><subfield code="t">1928:Apr 5-1929:July 18</subfield><subfield code="t">1929:July 25-1930:Nov 20</subfield><subfield code="t">1930:Nov 27-1932:Apr 28</subfield><subfield code="t">1932:May 5-1933:Oct 26</subfield><subfield code="t">1933:Nov 2-1935:Apr 25</subfield><subfield code="t">1935:May 2-1936:Sept 17</subfield><subfield code="t">1936:Sept 24-1938:Jan 13</subfield><subfield code="t">1938:Jan 20-1939:June 1</subfield><subfield code="t">1939:June 8-1940:Dec 26</subfield><subfield code="t">1941-1942</subfield><subfield code="t">1943-1946</subfield><subfield code="t">1946-1948</subfield><subfield code="t">1949-1951</subfield><subfield code="t">1952-1954</subfield><subfield code="t">1955-1958</subfield><subfield code="t">1959-1962:Aug 2</subfield><subfield code="t">1963-1964</subfield><subfield code="t">1965-1966:Apr 28</subfield><subfield code="t">1966:May 5-1967:Jul 27</subfield><subfield code="t">1967:Aug 3-1968:Jul 4</subfield><subfield code="t">1968:Jul 11-1969:May 8</subfield><subfield code="t">1969:May 15-1970:Mar 12</subfield><subfield code="t">1970:Mar 19-1971:Jan 21</subfield><subfield code="t">1971:Jan 28-1971:Dec 31</subfield><subfield code="t">1972:Jan 6-1972:Dec 28</subfield><subfield code="t">1973:Jan 4-1973:Oct 25</subfield><subfield code="t">1973:Nov 1-1974:Aug 30</subfield><subfield code="t">1974:Sep 1-1975:Jun 30</subfield><subfield code="t">1975:Jul 3-1976:Jun 24</subfield><subfield code="t">1976:Jul 1-1977:Apr 27</subfield><subfield code="t">1977:May 5-1978:Feb 23</subfield><subfield code="t">1978:Mar 2-1978:Oct 26</subfield><subfield code="t">1978:Nov 1-1979:Jun 30</subfield><subfield code="t">1979:Jul 1-1979:Dec 31</subfield><subfield code="t">1980:Jan 1-1980:Sep 30</subfield><subfield code="t">1980:Oct 1-1981:Jun 30</subfield><subfield code="t">1981:Jul 1-1981:Dec 31</subfield><subfield code="t">1982</subfield><subfield code="t">1983</subfield><subfield code="t">1984:Jan-Oct</subfield><subfield code="t">1984:Nov-1985:Jun</subfield><subfield code="t">1985:Jul-Dec</subfield><subfield code="t">1986:Jan-June</subfield><subfield code="t">1986:Jul-1987:Mar</subfield><subfield code="t">1987:Apr-Dec</subfield><subfield code="t">1988</subfield><subfield code="t">1989</subfield><subfield code="t">1990:Jan-Aug</subfield><subfield code="t">1990:Sep-Dec</subfield><subfield code="t">1991:Jan-Jun</subfield><subfield code="t">1991:Jul-Dec</subfield><subfield code="t">1992:Jan-Jun</subfield><subfield code="t">1992:Jul-Dec</subfield><subfield code="t">1993:Jan-Jun</subfield><subfield code="t">1993:Jul-Dec</subfield><subfield code="t">1994:Jan-Jun</subfield><subfield code="t">1994:Jul-Dec</subfield><subfield code="t">1995:Jan-Jun</subfield><subfield code="t">1995:Jul-Dec</subfield><subfield code="t">1996:Jan-Jun</subfield><subfield code="t">1996:Jul-Dec</subfield><subfield code="t">1997:Jan-Jun</subfield><subfield code="t">1997:Jul-Dec</subfield><subfield code="t">1998:Jan-June</subfield><subfield code="t">1998:July-Dec</subfield><subfield code="t">1999:Jan-June</subfield><subfield code="t">1999:July-Dec</subfield><subfield code="t">2000:Jan-June</subfield><subfield code="t">2000:July-Dec</subfield><subfield code="t">2001:Jan.-June</subfield><subfield code="t">2001:July-Dec</subfield><subfield code="t">2002:Jan-June</subfield><subfield code="t">2002:July-Dec</subfield><subfield code="t">2003:Jan-June</subfield><subfield code="t">2003:July-Dec</subfield><subfield code="t">2004:Jan-June</subfield><subfield code="t">2004:July-Sept.</subfield><subfield code="t">2004:Oct.-Dec.</subfield><subfield code="t">2005:Jan.-Apr.</subfield></datafield><datafield tag="MMS" ind1=" " ind2=" "><subfield code="b">999578962502121</subfield><subfield code="a">01UWI_NETWORK</subfield></datafield><datafield tag="MMS" ind1=" " ind2=" "><subfield code="b">9911409903602122</subfield><subfield code="a">01UWI_MAD</subfield></datafield><datafield tag="AAA" ind1="8" ind2="1"><subfield code="z">For current issues, ask at Circulation Desk.</subfield><subfield code="8">22517607720002122</subfield><subfield code="A">01UWI_MAD</subfield></datafield></record>
</metadata>
</record>
</ListRecords>
</OAI-PMH>